@article{makhzani2015adversarial,
  title={Adversarial autoencoders},
  author={Makhzani, Alireza and Shlens, Jonathon and Jaitly, Navdeep and Goodfellow, Ian and Frey, Brendan},
  journal={arXiv preprint arXiv:1511.05644},
  year={2015}
}

@article{kingma2013auto,
  title={Auto-encoding variational bayes},
  author={Kingma, Diederik P and Welling, Max},
  journal={arXiv preprint arXiv:1312.6114},
  year={2013}
}

@inproceedings{bengio2013better,
  title={Better mixing via deep representations},
  author={Bengio, Yoshua and Mesnil, Gr{\'e}goire and Dauphin, Yann and Rifai, Salah},
  booktitle={International Conference on Machine Learning},
  pages={552--560},
  year={2013}
}

@inproceedings{goodfellow2014generative,
  title={Generative adversarial nets},
  author={Goodfellow, Ian and Pouget-Abadie, Jean and Mirza, Mehdi and Xu, Bing and Warde-Farley, David and Ozair, Sherjil and Courville, Aaron and Bengio, Yoshua},
  booktitle={Advances in neural information processing systems},
  pages={2672--2680},
  year={2014}
}

@inproceedings{bengio2014deep,
  title={Deep generative stochastic networks trainable by backprop},
  author={Bengio, Yoshua and Laufer, Eric and Alain, Guillaume and Yosinski, Jason},
  booktitle={International Conference on Machine Learning},
  pages={226--234},
  year={2014}
}

@article{maaloe2016auxiliary,
  title={Auxiliary deep generative models},
  author={Maal{\o}e, Lars and S{\o}nderby, Casper Kaae and S{\o}nderby, S{\o}ren Kaae and Winther, Ole},
  journal={arXiv preprint arXiv:1602.05473},
  year={2016}
}

@inproceedings{li2015generative,
  title={Generative moment matching networks},
  author={Li, Yujia and Swersky, Kevin and Zemel, Rich},
  booktitle={International Conference on Machine Learning},
  pages={1718--1727},
  year={2015}
}

@article{rosca2017variational,
  title={Variational approaches for auto-encoding generative adversarial networks},
  author={Rosca, Mihaela and Lakshminarayanan, Balaji and Warde-Farley, David and Mohamed, Shakir},
  journal={arXiv preprint arXiv:1706.04987},
  year={2017}
}