@article{makhzani2015adversarial,
  title={Adversarial autoencoders},
  author={Makhzani, Alireza and Shlens, Jonathon and Jaitly, Navdeep and Goodfellow, Ian and Frey, Brendan},
  journal={arXiv preprint arXiv:1511.05644},
  year={2015}
}

@article{kingma2013auto,
  title={Auto-encoding variational bayes},
  author={Kingma, Diederik P and Welling, Max},
  journal={arXiv preprint arXiv:1312.6114},
  year={2013}
}

@inproceedings{bengio2013better,
  title={Better mixing via deep representations},
  author={Bengio, Yoshua and Mesnil, Gr{\'e}goire and Dauphin, Yann and Rifai, Salah},
  booktitle={International Conference on Machine Learning},
  pages={552--560},
  year={2013}
}

@inproceedings{goodfellow2014generative,
  title={Generative adversarial nets},
  author={Goodfellow, Ian and Pouget-Abadie, Jean and Mirza, Mehdi and Xu, Bing and Warde-Farley, David and Ozair, Sherjil and Courville, Aaron and Bengio, Yoshua},
  booktitle={Advances in neural information processing systems},
  pages={2672--2680},
  year={2014}
}

@inproceedings{bengio2014deep,
  title={Deep generative stochastic networks trainable by backprop},
  author={Bengio, Yoshua and Laufer, Eric and Alain, Guillaume and Yosinski, Jason},
  booktitle={International Conference on Machine Learning},
  pages={226--234},
  year={2014}
}
